@article{agler2016microbial,
  title={Microbial hub taxa link host and abiotic factors to plant microbiome variation},
  author={Agler, Matthew T and Ruhe, Jonas and Kroll, Samuel and Morhenn, Constanze and Kim, Sang-Tae and Weigel, Detlef and Kemen, Eric M},
  journal={PLoS biology},
  volume={14},
  number={1},
  pages={e1002352},
  year={2016},
  publisher={Public Library of Science}
}

@inproceedings{aiello2000random,
  title={A random graph model for massive graphs},
  author={Aiello, William and Chung, Fan and Lu, Linyuan},
  booktitle={Proceedings of the thirty-second annual ACM symposium on Theory of computing},
  pages={171--180},
  year={2000},
  organization={Acm}
}

@article{albert1999internet,
  title={Internet: Diameter of the world-wide web},
  author={Albert, R{\'e}ka and Jeong, Hawoong and Barab{\'a}si, Albert-L{\'a}szl{\'o}},
  journal={nature},
  volume={401},
  number={6749},
  pages={130},
  year={1999},
  publisher={Nature Publishing Group}
}

@article{albert2000error,
  title={Error and attack tolerance of complex networks},
  author={Albert, R{\'e}ka and Jeong, Hawoong and Barab{\'a}si, Albert-L{\'a}szl{\'o}},
  journal={nature},
  volume={406},
  number={6794},
  pages={378},
  year={2000},
  publisher={Nature Publishing Group}
}

@article{barabasi1999emergence,
  title={Emergence of scaling in random networks},
  author={Barab{\'a}si, Albert-L{\'a}szl{\'o} and Albert, R{\'e}ka},
  journal={science},
  volume={286},
  number={5439},
  pages={509--512},
  year={1999},
  publisher={American Association for the Advancement of Science}
}

% Connected network algorithm
@article{bialas2008correlations,
  title={Correlations in connected random graphs},
  author={Bialas, Piotr and Ole{\'s}, Andrzej K},
  journal={Physical Review E},
  volume={77},
  number={3},
  pages={036124},
  year={2008},
  publisher={APS}
}

% GCC degree distribution
@article{bauer2002maximal,
  title={Maximal entropy random networks with given degree distribution},
  author={Bauer, Michel and Bernard, Denis},
  journal={arXiv preprint cond-mat/0206150},
  year={2002}
}

@article{baxter2012avalanche,
  title={Avalanche collapse of interdependent networks},
  author={Baxter, G J and Dorogovtsev, S N and Goltsev, A V and Mendes, J F F},
  journal={Physical review letters},
  volume={109},
  number={24},
  pages={248701},
  year={2012},
  publisher={APS}
}

@article{broido2018scale,
  title={Scale-free networks are rare},
  author={Broido, Anna D and Clauset, Aaron},
  journal={arXiv preprint arXiv:1801.03400},
  year={2018}
}

@article{buldyrev2010catastrophic,
  title={Catastrophic cascade of failures in interdependent networks},
  author={Buldyrev, Sergey V and Parshani, Roni and Paul, Gerald and Stanley, H Eugene and Havlin, Shlomo},
  journal={Nature},
  volume={464},
  number={7291},
  pages={1025},
  year={2010},
  publisher={Nature Publishing Group}
}

@article{callaway2001randomly,
  title={Are randomly grown graphs really random?},
  author={Callaway, Duncan S and Hopcroft, John E and Kleinberg, Jon M and Newman, Mark EJ and Strogatz, Steven H},
  journal={Physical Review E},
  volume={64},
  number={4},
  pages={041902},
  year={2001},
  publisher={APS}
}

@article{clauset2009power,
  title={Power-law distributions in empirical data},
  author={Clauset, Aaron and Shalizi, Cosma Rohilla and Newman, Mark EJ},
  journal={SIAM review},
  volume={51},
  number={4},
  pages={661--703},
  year={2009},
  publisher={SIAM}
}

@article{davis1997corporate,
  title={Corporate elite networks and governance changes in the 1980s},
  author={Davis, Gerald F and Greve, Henrich R},
  journal={American journal of sociology},
  volume={103},
  number={1},
  pages={1--37},
  year={1997},
  publisher={The University of Chicago Press}
}

@article{erdos1959random,
  title={On random graphs I},
  author={Erdos, Paul and R{\'e}nyi, Alfr{\'e}d},
  journal={Publicationes Mathematicae (Debrecen)},
  volume={6},
  pages={290--297},
  year={1959}
}

@article{erdos1960evolution,
  title={On the evolution of random graphs},
  author={Erdos, Paul and R{\'e}nyi, Alfr{\'e}d},
  journal={Publ. Math. Inst. Hung. Acad. Sci},
  volume={5},
  number={1},
  pages={17--60},
  year={1960}
}

@article{erdos1961strength,
  title={On the strength of connectedness of a random graph},
  author={Erdos, Paul and R{\'e}nyi, Alfr{\'e}d},
  journal={Acta Mathematica Hungarica},
  volume={12},
  number={1-2},
  pages={261--267},
  year={1961},
  publisher={Akad{\'e}miai Kiad{\'o}, co-published with Springer Science+ Business Media BV, Formerly Kluwer Academic Publishers BV}
}

@article{ewing2007large,
  title={Large-scale mapping of human protein--protein interactions by mass spectrometry},
  author={Ewing, Rob M and Chu, Peter and Elisma, Fred and Li, Hongyan and Taylor, Paul and Climie, Shane and McBroom-Cerajewski, Linda and Robinson, Mark D and O'Connor, Liam and Li, Michael and others},
  journal={Molecular systems biology},
  volume={3},
  number={1},
  pages={89},
  year={2007},
  publisher={EMBO Press}
}

@article{feld1991friends,
  title={Why your friends have more friends than you do},
  author={Feld, Scott L},
  journal={American Journal of Sociology},
  volume={96},
  number={6},
  pages={1464--1477},
  year={1991},
  publisher={University of Chicago Press}
}

@incollection{fike2012automatic,
  title={Automatic differentiation through the use of hyper-dual numbers for second derivatives},
  author={Fike, Jeffrey A and Alonso, Juan J},
  booktitle={Recent Advances in Algorithmic Differentiation},
  pages={163--173},
  year={2012},
  publisher={Springer}
}

@article{foster1963study,
  title={A study of a large sociogram II. Elimination of free parameters},
  author={Foster, Caxton C and Rapoport, Anatol and Orwant, Carol J},
  journal={Behavioral science},
  volume={8},
  number={1},
  pages={56--65},
  year={1963},
  publisher={Wiley Online Library}
}

@article{gilbert1959random,
  title={Random graphs},
  author={Gilbert, Edgar N},
  journal={The Annals of Mathematical Statistics},
  volume={30},
  number={4},
  pages={1141--1144},
  year={1959},
  publisher={JSTOR}
}

@article{gleiser2003community,
  title={Community structure in jazz},
  author={Gleiser, Pablo M and Danon, Leon},
  journal={Advances in complex systems},
  volume={6},
  number={04},
  pages={565--573},
  year={2003},
  publisher={World Scientific}
}

@article{goh2001universal,
  title={Universal behavior of load distribution in scale-free networks},
  author={Goh, K-I and Kahng, Byungnam and Kim, Doochul},
  journal={Physical Review Letters},
  volume={87},
  number={27},
  pages={278701},
  year={2001},
  publisher={APS}
}

@article{grossman1995portion,
  title={On a portion of the well-known collaboration graph},
  author={Grossman, Jerrold W and Ion, Patrick DF},
  journal={Congressus Numerantium},
  pages={129--132},
  year={1995},
  publisher={Citeseer}
}

@article{guimera2003self,
  title={Self-similar community structure in a network of human interactions},
  author={Guimera, Roger and Danon, Leon and Diaz-Guilera, Albert and Giralt, Francesc and Arenas, Alex},
  journal={Physical review E},
  volume={68},
  number={6},
  pages={065103},
  year={2003},
  publisher={APS}
}

@article{ichinose2017invasion,
  title={Invasion of cooperation in scale-free networks: Accumulated versus average payoffs},
  author={Ichinose, Genki and Sayama, Hiroki},
  journal={Artificial life},
  volume={23},
  number={1},
  pages={25--33},
  year={2017},
  publisher={MIT Press}
}

@article{jeong2000large,
  title={The large-scale organization of metabolic networks},
  author={Jeong, Hawoong and Tombor, B{\'a}lint and Albert, R{\'e}ka and Oltvai, Zoltan N and Barab{\'a}si, A-L},
  journal={Nature},
  volume={407},
  number={6804},
  pages={651},
  year={2000},
  publisher={Nature Publishing Group}
}

@article{jeong2003measuring,
  author={H. Jeong and Z. Néda and A. L. Barabási},
  title={Measuring preferential attachment in evolving networks},
  journal={EPL (Europhysics Letters)},
  volume={61},
  number={4},
  pages={567},
  url={http://stacks.iop.org/0295-5075/61/i=4/a=567},
  year={2003}
}

@article{jing2005exponential,
  title={An exponential distribution network},
  author={Jing-Zhou, Liu and Yi-Fa, Tang},
  journal={Chinese Physics},
  volume={14},
  number={4},
  pages={643},
  year={2005},
  publisher={IOP Publishing}
}

@article{krawczyk1969newton,
  title={Newton-algorithmen zur bestimmung von nullstellen mit fehlerschranken},
  author={Krawczyk, Rudolf},
  journal={Computing},
  volume={4},
  number={3},
  pages={187--201},
  year={1969},
  publisher={Springer}
}

@article{krapivsky2000connectivity,
  title={Connectivity of growing random networks},
  author={Krapivsky, Paul L and Redner, Sidney and Leyvraz, Francois},
  journal={Physical review letters},
  volume={85},
  number={21},
  pages={4629},
  year={2000},
  publisher={APS}
}

@article{kryven2017general,
  title={General expression for the component size distribution in infinite configuration networks},
  author={Kryven, Ivan},
  journal={Physical Review E},
  volume={95},
  number={5},
  pages={052303},
  year={2017},
  publisher={APS}
}

% Konect network database
@inproceedings{kunegis2013konect,
  title={Konect: the Koblenz network collection},
  author={Kunegis, J{\'e}r{\^o}me},
  booktitle={Proceedings of the 22nd International Conference on World Wide Web},
  pages={1343--1350},
  year={2013},
  organization={ACM}
}

% California road network source
@article{leskovec2008community,
   author = {{Leskovec}, J. and {Lang}, K.~J. and {Dasgupta}, A. and {Mahoney}, M.~W.
	},
    title = "{Community Structure in Large Networks: Natural Cluster Sizes and the Absence of Large Well-Defined Clusters}",
  journal = {ArXiv e-prints},
archivePrefix = "arXiv",
   eprint = {0810.1355},
 primaryClass = "cs.DS",
 keywords = {Computer Science - Data Structures and Algorithms, Physics - Data Analysis, Statistics and Probability, Physics - Physics and Society},
     year = 2008,
    month = oct,
   adsurl = {http://adsabs.harvard.edu/abs/2008arXiv0810.1355L},
  adsnote = {Provided by the SAO/NASA Astrophysics Data System}
}

@article{molloy1995critical,
  title={A critical point for random graphs with a given degree sequence},
  author={Molloy, Michael and Reed, Bruce},
  journal={Random structures \& algorithms},
  volume={6},
  number={2-3},
  pages={161--180},
  year={1995},
  publisher={Wiley Online Library}
}

@article{moore1977test,
  title={A test for existence of solutions to nonlinear systems},
  author={Moore, Ramon E},
  journal={SIAM Journal on Numerical Analysis},
  volume={14},
  number={4},
  pages={611--615},
  year={1977},
  publisher={SIAM}
}

@book{moore2009introduction,
  title={Introduction to interval analysis},
  author={Moore, Ramon E and Kearfott, R Baker and Cloud, Michael J},
  volume={110},
  year={2009},
  publisher={Siam}
}

@manual{mpmath,
  key     = {mpmath},
  author  = {Fredrik Johansson and others},
  title   = {mpmath: a {P}ython library for arbitrary-precision floating-point arithmetic (version 1.0.0)},
  note    = {{\tt http://mpmath.org/}},
  month   = {September},
  year    = {2017},
}

@article{newman2001random,
  title={Random graphs with arbitrary degree distributions and their applications},
  author={Newman, Mark E J and Strogatz, Steven H and Watts, Duncan J},
  journal={Physical review E},
  volume={64},
  number={2},
  pages={026118},
  year={2001},
  publisher={APS}
}

@article{newman2001structure,
  title={The structure of scientific collaboration networks},
  author={Newman, Mark EJ},
  journal={Proceedings of the national academy of sciences},
  volume={98},
  number={2},
  pages={404--409},
  year={2001},
  publisher={National Acad Sciences}
}

@article{newman2002email,
  title={Email networks and the spread of computer viruses},
  author={Newman, Mark EJ and Forrest, Stephanie and Balthrop, Justin},
  journal={Physical Review E},
  volume={66},
  number={3},
  pages={035101},
  year={2002},
  publisher={APS}
}

@book{newman2010networks,
  title={Networks: an introduction},
  author={Newman, Mark E J},
  year={2010},
  publisher={Oxford University Press, Oxford}
}

@article{pastorsatorras2015epidemic,
  title = {Epidemic processes in complex networks},
  author = {Pastor-Satorras, Romualdo and Castellano, Claudio and Van Mieghem, Piet and Vespignani, Alessandro},
  journal = {Rev. Mod. Phys.},
  volume = {87},
  issue = {3},
  pages = {925--979},
  numpages = {55},
  year = {2015},
  month = {Aug},
  publisher = {American Physical Society},
  doi = {10.1103/RevModPhys.87.925},
  url = {https://link.aps.org/doi/10.1103/RevModPhys.87.925}
}

@article{pocock2012robustness,
  title={The robustness and restoration of a network of ecological networks},
  author={Pocock, Michael JO and Evans, Darren M and Memmott, Jane},
  journal={Science},
  volume={335},
  number={6071},
  pages={973--977},
  year={2012},
  publisher={American Association for the Advancement of Science}
}

@article{rinaldi2001identifying,
  title={Identifying, understanding, and analyzing critical infrastructure interdependencies},
  author={Rinaldi, Steven M and Peerenboom, James P and Kelly, Terrence K},
  journal={IEEE Control Systems},
  volume={21},
  number={6},
  pages={11--25},
  year={2001},
  publisher={IEEE}
}

@article{rual2005towards,
  title={Towards a proteome-scale map of the human protein--protein interaction network},
  author={Rual, Jean-Fran{\c{c}}ois and Venkatesan, Kavitha and Hao, Tong and Hirozane-Kishikawa, Tomoko and Dricot, Am{\'e}lie and Li, Ning and Berriz, Gabriel F and Gibbons, Francis D and Dreze, Matija and Ayivi-Guedehoussou, Nono and others},
  journal={Nature},
  volume={437},
  number={7062},
  pages={1173},
  year={2005},
  publisher={Nature Publishing Group}
}

@article{solomonoff1951connectivity,
  title={Connectivity of random nets},
  author={Solomonoff, Ray and Rapoport, Anatol},
  journal={The bulletin of mathematical biophysics},
  volume={13},
  number={2},
  pages={107--117},
  year={1951},
  publisher={Springer}
}

@article{son2012percolation,
  title={Percolation theory on interdependent networks based on epidemic spreading},
  author={Son, Seung-Woo and Bizhani, Golnoosh and Christensen, Claire and Grassberger, Peter and Paczuski, Maya},
  journal={EPL (Europhysics Letters)},
  volume={97},
  number={1},
  pages={16006},
  year={2012},
  publisher={IOP Publishing}
}

@article{subelj2011robust,
  title={Robust network community detection using balanced propagation},
  author={{\v{S}}ubelj, Lovro and Bajec, Marko},
  journal={The European Physical Journal B},
  volume={81},
  number={3},
  pages={353--362},
  year={2011},
  publisher={Springer}
}

@article{stelzl2005human,
  title={A human protein-protein interaction network: a resource for annotating the proteome},
  author={Stelzl, Ulrich and Worm, Uwe and Lalowski, Maciej and Haenig, Christian and Brembeck, Felix H and Goehler, Heike and Stroedicke, Martin and Zenkner, Martina and Schoenherr, Anke and Koeppen, Susanne and others},
  journal={Cell},
  volume={122},
  number={6},
  pages={957--968},
  year={2005},
  publisher={Elsevier}
}

@article{stumpf2005subnets,
  title={Subnets of scale-free networks are not scale-free: sampling properties of networks},
  author={Stumpf, Michael PH and Wiuf, Carsten and May, Robert M},
  journal={Proceedings of the National Academy of Sciences},
  volume={102},
  number={12},
  pages={4221--4224},
  year={2005},
  publisher={National Acad Sciences}
}

@book{tucker2011validated,
  title={Validated numerics: a short introduction to rigorous computations},
  author={Tucker, Warwick},
  year={2011},
  publisher={Princeton University Press}
}

% US power grid source
@article{watts1998collective,
  title={Collective dynamics of ‘small-world’networks},
  author={Watts, Duncan J and Strogatz, Steven H},
  journal={nature},
  volume={393},
  number={6684},
  pages={440},
  year={1998},
  publisher={Nature Publishing Group}
}

@book{wilf2005generatingfunctionology,
  title={generatingfunctionology},
  author={Wilf, Herbert S},
  year={2005},
  publisher={AK Peters/CRC Press}
}